@MISC{cordic1,
	author = {B. Lakshmi and A. S. Dhar},
	title = {CORDIC Architectures: A Survey}},
	year = {2010},
	howpublished = {\url{https://www.hindawi.com/journals/vlsi/2010/794891/}}
}

@MISC{cordic2,
	author = {Wikibooks},
	title = {Trigonometry/For Enthusiasts/The CORDIC Algorithm}},
	year = {2017},
	note = {\url{https://en.wikibooks.org/wiki/Trigonometry/For_Enthusiasts/The_CORDIC_Algorithm}}
}